@ARTICLE{gadget,
    author = {Volker Springel},
    title = {The cosmological simulation code gadget-2},
    journal = {Monthly Notices of the Royal Astronomical Society},
    year = {2005},
    volume = {364}
}
@article{desi,
  author={Andreu Font-Ribera and Patrick McDonald and Nick Mostek and Beth A. Reid and Hee-Jong Seo and An≈æe Slosar},
  title={DESI and other Dark Energy experiments in the era of neutrino mass measurements},
  journal={Journal of Cosmology and Astroparticle Physics},
  volume={2014},
  number={05},
  pages={023},
  url={http://stacks.iop.org/1475-7516/2014/i=05/a=023},
  year={2014},
}

@article{hetdex,
      author         = "Hill, G.J. and Gebhardt, K. and Komatsu, E. and Drory, N.
                        and MacQueen, P.J. and others",
      title          = "{The Hobby-Eberly Telescope Dark Energy Experiment
                        (HETDEX): Description and Early Pilot Survey Results}",
      journal        = "ASP Conf.Ser.",
      volume         = "399",
      pages          = "115-118",
      year           = "2008",
      eprint         = "0806.0183",
      archivePrefix  = "arXiv",
      primaryClass   = "astro-ph",
      SLACcitation   = "%%CITATION = ARXIV:0806.0183;%%",
}

@book{loeb,
      author        = "Loeb, Abraham",
      title         = "{How did the first stars and galaxies form?}",
      publisher     = "Princeton University Press",
      address       = "Princeton, NJ",
      year          = "2010",
}

@ARTICLE{darkensim,
   author = {{Baldi}, M.},
    title = "{Dark Energy simulations}",
  journal = {Physics of the Dark Universe},
archivePrefix = "arXiv",
   eprint = {1210.6650},
 primaryClass = "astro-ph.CO",
     year = 2012,
    month = nov,
   volume = 1,
    pages = {162-193},
      doi = {10.1016/j.dark.2012.10.004},
   adsurl = {http://adsabs.harvard.edu/abs/2012PDU.....1..162B},
  adsnote = {Provided by the SAO/NASA Astrophysics Data System}
}

@article{peculiar,
  title = {Dark energy constraints from galaxy cluster peculiar velocities},
  author = {Bhattacharya, Suman and Kosowsky, Arthur},
  journal = {Phys. Rev. D},
  volume = {77},
  issue = {8},
  pages = {083004},
  numpages = {19},
  year = {2008},
  month = {Apr},
  publisher = {American Physical Society},
  doi = {10.1103/PhysRevD.77.083004},
  url = {http://link.aps.org/doi/10.1103/PhysRevD.77.083004}
}

@Misc{bang,
  Title                    = "WAS COSMIC INFLATION THE ``bang'' of THE BIG BANG?",

  Author                   = {Alan Guth},
  HowPublished             = {The Beamline},
  Year                     = {1997,27},

  Owner                    = {canrilo},
  Timestamp                = {2014.11.10}
}